<?xml version="1.0" encoding="utf-8"?>
<record xmlns="http://www.loc.gov/MARC21/slim" xmlns:xsi="http://www.w3.org/2001/XMLSchema-instance" xsi:schemaLocation="http://www.loc.gov/MARC21/slim http://www.loc.gov/standards/marcxml/schema/MARC21slim.xsd">
	<leader>     nam a22        4500</leader>
	<controlfield tag="001">b11400262</controlfield>
	<controlfield tag="003">UaCaAUL</controlfield>
	<controlfield tag="006">m        d        </controlfield>
	<controlfield tag="007">cr cn |||m|||a</controlfield>
	<controlfield tag="008">170907s1929    ua      o     000 0 ara d</controlfield>
	<datafield ind1=" " ind2=" " tag="040">
		<subfield code="a">NNU</subfield>
		<subfield code="b">eng</subfield>
		<subfield code="e">rda</subfield>
		<subfield code="c">NNU</subfield>
	</datafield>
	<datafield ind1=" " ind2=" " tag="066">
		<subfield code="c">(3</subfield>
	</datafield>
	<datafield ind1=" " ind2="4" tag="050">
		<subfield code="a">CB251</subfield>
		<subfield code="b">.M35 1929</subfield>
	</datafield>
	<datafield ind1="1" ind2=" " tag="100">
		<subfield code="6">880-01</subfield>
		<subfield code="a">Maẓhar, Ismāʻīl.</subfield>
	</datafield>
	<datafield ind1="1" ind2="0" tag="245">
		<subfield code="6">880-02</subfield>
		<subfield code="a">Wathbat al-sharq :</subfield>
		<subfield code="b">baḥth fī anna al-ʻaqlīyah al-Turkīyah al-ḥadīthah hiya mithāl al-ʻaqlīyah al-slaīmah allatī yajib an yantaḥiluhā al-Sharq li-yujārī sayr al-ḥaḍārah al-ʻālamīyah /</subfield>
		<subfield code="c">bi-qalam Ismāʻīl Maẓhar ʻUḍw al-Majamaʻ al-Miṣrī lil-Thaqāfah al-ʻilmīyah wa-ṣāḥib mijallatay al-ʻuṣūr al-shahrīyah wa-al-usbūʻīyah wa-muḥarrirahumā.</subfield>
	</datafield>
	<datafield ind1=" " ind2="1" tag="264">
		<subfield code="6">880-03</subfield>
		<subfield code="a">Miṣr :</subfield>
		<subfield code="b">Dār al-ʻUṣūr lil-Ṭabʻ wa-al-Nashr bi-shāriʻ al-Khalīj al-Miṣrī bi-al-Ẓāhir bi-Miṣr,</subfield>
		<subfield code="c">1929.</subfield>
	</datafield>
	<datafield ind1=" " ind2=" " tag="300">
		<subfield code="a">online resource (64 pages)</subfield>
	</datafield>
	<datafield ind1=" " ind2=" " tag="336">
		<subfield code="a">text</subfield>
		<subfield code="2">rdacontent</subfield>
	</datafield>
	<datafield ind1=" " ind2=" " tag="337">
		<subfield code="a">computer</subfield>
		<subfield code="2">rdamedia</subfield>
	</datafield>
	<datafield ind1=" " ind2=" " tag="338">
		<subfield code="a">online resource</subfield>
		<subfield code="2">rdacarrier</subfield>
	</datafield>
	<datafield ind1=" " ind2=" " tag="500">
		<subfield code="6">880-04</subfield>
		<subfield code="a">At head of title page: &quot;Ḥarrir fikrak.&quot;</subfield>
	</datafield>
	<datafield ind1=" " ind2=" " tag="500">
		<subfield code="6">880-05</subfield>
		<subfield code="a">&quot;Jamīʻ al-ḥuqūq maḥfūẓah.&quot;</subfield>
	</datafield>
	<datafield ind1=" " ind2=" " tag="500">
		<subfield code="a">Part of the Arabic Collections Online (ACO) project, contributed by American University in Cairo Library.</subfield>
	</datafield>
	<datafield ind1=" " ind2=" " tag="533">
		<subfield code="a">Electronic reproduction.</subfield>
		<subfield code="b">New York, N.Y. :</subfield>
		<subfield code="c">New York University,</subfield>
		<subfield code="d">2017.</subfield>
		<subfield code="5">NNU</subfield>
	</datafield>
	<datafield ind1=" " ind2="0" tag="650">
		<subfield code="a">Typology (Psychology)</subfield>
	</datafield>
	<datafield ind1=" " ind2="0" tag="650">
		<subfield code="a">Race.</subfield>
	</datafield>
	<datafield ind1=" " ind2="0" tag="650">
		<subfield code="a">Caucasian race.</subfield>
	</datafield>
	<datafield ind1=" " ind2="7" tag="650">
		<subfield code="a">Caucasian race.</subfield>
		<subfield code="2">fast</subfield>
		<subfield code="0">(OCoLC)fst00849786</subfield>
	</datafield>
	<datafield ind1=" " ind2="7" tag="650">
		<subfield code="a">Race.</subfield>
		<subfield code="2">fast</subfield>
		<subfield code="0">(OCoLC)fst01086436</subfield>
	</datafield>
	<datafield ind1=" " ind2="7" tag="650">
		<subfield code="a">Typology (Psychology)</subfield>
		<subfield code="2">fast</subfield>
		<subfield code="0">(OCoLC)fst01160081</subfield>
	</datafield>
	<datafield ind1="2" ind2=" " tag="710">
		<subfield code="a">American University in Cairo.</subfield>
		<subfield code="b">Library.</subfield>
	</datafield>
	<datafield ind1="0" ind2=" " tag="730">
		<subfield code="a">Arabic Collections Online.</subfield>
	</datafield>
	<datafield ind1="0" ind2="8" tag="776">
		<subfield code="i">Print version:</subfield>
		<subfield code="a">Maẓhar, Ismāʻīl.</subfield>
		<subfield code="t">Wathbat al-sharq</subfield>
		<subfield code="w">(UaCaAUL)b11400262</subfield>
		<subfield code="w">(OCoLC)122899397</subfield>
	</datafield>
	<datafield ind1="4" ind2="0" tag="856">
		<subfield code="u">http://hdl.handle.net/2333.1/m0cfxvz4</subfield>
	</datafield>
	<datafield ind1="1" ind2=" " tag="880">
		<subfield code="6">100-01/(3/r</subfield>
		<subfield code="a">‏مظهر، إسماعيل.</subfield>
	</datafield>
	<datafield ind1="1" ind2="0" tag="880">
		<subfield code="6">245-02/(3/r</subfield>
		<subfield code="a">وثبة الشرق :</subfield>
		<subfield code="b">بحث في أن العقلية التركية الحديثة هي مثال العقلية السليمة التي يجب أن ينتحلها الشرق ليجاري سير الحضارة العالمية /</subfield>
		<subfield code="c">بقلم إسماعيل مظهر عضو المجمع المصري للثقافة العلمية وصاحب مجلتي العصور الشهرية والأسبوعية ومحررهما.</subfield>
	</datafield>
	<datafield ind1=" " ind2="1" tag="880">
		<subfield code="6">264-03/(3/r</subfield>
		<subfield code="a">مصر :</subfield>
		<subfield code="b">دار العصور للطبع والنشر بشارع الخليج المصري بالظاهر بمصر،</subfield>
		<subfield code="c">1929.</subfield>
	</datafield>
	<datafield ind1=" " ind2=" " tag="880">
		<subfield code="6">500-04/(3/r</subfield>
		<subfield code="a">At head of title page: &quot;حرر فكرك.&quot;</subfield>
	</datafield>
	<datafield ind1=" " ind2=" " tag="880">
		<subfield code="6">500-05/(3/r</subfield>
		<subfield code="a">&quot;جميع الحقوق محفوظة.&quot;</subfield>
	</datafield>
	<datafield ind1=" " ind2=" " tag="959">
		<subfield code="a">NNU</subfield>
		<subfield code="b">WEB</subfield>
		<subfield code="c">GENI</subfield>
		<subfield code="t">0</subfield>
		<subfield code="m">Electronic access</subfield>
		<subfield code="s">01</subfield>
	</datafield>
	<datafield ind1=" " ind2=" " tag="999">
		<subfield code="i">UaCaAUL_b11400262</subfield>
		<subfield code="o">(OCoLC)ocn122899397</subfield>
		<subfield code="s">auc_aco000199</subfield>
	</datafield>
</record>
